<collection xmlns="http://www.loc.gov/MARC21/slim">
<record>
  <leader>00937nam0a22002411i 450 </leader>
  <controlfield tag="001">IT\ICCU\CNCE\063028</controlfield>
  <controlfield tag="005">20080923000000.0</controlfield>
  <datafield tag="100" ind1=" " ind2=" ">
    <subfield code="a">20051216d1519        0itac0103    ba</subfield>
  </datafield>
  <datafield tag="101" ind1=" " ind2=" ">
    <subfield code="a">ITA</subfield>
  </datafield>
  <datafield tag="102" ind1=" " ind2=" ">
    <subfield code="a">IT</subfield>
  </datafield>
  <datafield tag="200" ind1="1" ind2=" ">
    <subfield code="a">Targone. Egloga rusticale di Leonardo di ser Ambrogio detto il Mescolino</subfield>
  </datafield>
  <datafield tag="210" ind1=" " ind2=" ">
    <subfield code="e">In Siena</subfield>
    <subfield code="g">per Francesco di Simione</subfield>
    <subfield code="h">1519</subfield>
  </datafield>
  <datafield tag="215" ind1=" " ind2=" ">
    <subfield code="a">8ʻ</subfield>
  </datafield>
  <datafield tag="300" ind1=" " ind2=" ">
    <subfield code="a">Data contrastante con attivit ̉tipografo</subfield>
  </datafield>
  <datafield tag="620" ind1=" " ind2=" ">
    <subfield code="a">IT</subfield>
    <subfield code="d">Siena</subfield>
  </datafield>
  <datafield tag="700" ind1=" " ind2="1">
    <subfield code="a">Maestrelli,</subfield>
    <subfield code="b">Leonardo</subfield>
    <subfield code="3">IT\ICCU\CNCA\002184</subfield>
  </datafield>
  <datafield tag="712" ind1="0" ind2="0">
    <subfield code="a">Nardi, Francesco</subfield>
    <subfield code="3">IT\ICCU\CNCT\000669</subfield>
    <subfield code="4">650</subfield>
  </datafield>
  <datafield tag="790" ind1=" " ind2="0">
    <subfield code="a">Mescolino</subfield>
    <subfield code="3">IT\ICCU\CNCA\014657</subfield>
    <subfield code="z">Maestrelli, Leonardo</subfield>
  </datafield>
  <datafield tag="791" ind1="0" ind2="2">
    <subfield code="a">F. di S.</subfield>
    <subfield code="3">IT\ICCU\CNCT\002401</subfield>
    <subfield code="z">Nardi, Francesco</subfield>
  </datafield>
  <datafield tag="791" ind1="0" ind2="2">
    <subfield code="a">Franciscus Simeonis</subfield>
    <subfield code="3">IT\ICCU\CNCT\002402</subfield>
    <subfield code="z">Nardi, Francesco</subfield>
  </datafield>
  <datafield tag="791" ind1="0" ind2="2">
    <subfield code="a">Francesco di Simeone</subfield>
    <subfield code="3">IT\ICCU\CNCT\002403</subfield>
    <subfield code="z">Nardi, Francesco</subfield>
  </datafield>
  <datafield tag="791" ind1="0" ind2="0">
    <subfield code="a">Bindi, Franciscus</subfield>
    <subfield code="3">IT\ICCU\CNCT\002404</subfield>
    <subfield code="z">Nardi, Francesco</subfield>
  </datafield>
  <datafield tag="801" ind1=" " ind2="3">
    <subfield code="a">IT</subfield>
    <subfield code="b">ICCU</subfield>
    <subfield code="c">20201115</subfield>
  </datafield>
</record>
</collection>
